|0000|006|0|||01082022|31082022|JOSE DIMAS CAFEEIRA LTDA|40832748000175|MG|3139508|||9|
|0001|0|
|0110|-2||||
|0140|1|JOSE DIMAS CAFEEIRA LTDA|40832748000175|MG|0039714250013|3139508|||
|0150|2|OLAM AGRICOLA LTDA.|1058|07028528000975||2362080050477|3139508||ROD MG 111|S/N|KM 104,9|DIVINEIA|
|0150|3|COPA CAFE COMERCIO E EXPORTACAO LTDA.|1058|27610206000190||0029558310018|3139508||ROD ANTONIO RUST|1042||ROQUE|
|0150|4|TPJ COMERCIO ATACADISTA DE CAFE IMPORTACAO E EXPORTACAO LTDA|1058|09483354000109||0010670910082|3124203||R CARANGOLA|538||CENTRO|
|0150|20|UNICAFE COMPANHIA DE COMERCIO EXTERIOR|1058|28154680001431||3951003330318|3139508||RODOVIA MG 111|S/N|: KM 104,6;|DIVINEIA|
|0190|KG|Quilograma|
|0190|SC|SACAS|
|0200|1|CAFE EM GRAO CRU ARABICA|||SC|00|09011110||09||018,00|
|0200|4|CAFE ARABICA GRAO CRU|||KG|00|09011110||09||018,00|
|0400|3|VENDA MERCADORIA ADQUIRIDA|
|0990|14|
|C001|0|
|C010|40832748000175|2|
|C100|1|0|3|55|00|1|731|31220840832748000175550010000007311191281085|01082022|01082022|441440,00|2|0,00|0,00|441440,00|0|0,00|0,00|0,00|0,00|0,00|0,00|0,00|0,00|0,00|0,00|0,00|0,00|
|C170|1|1||356,00000|SC|441440,00|0,00|0|051|5102|3|0,00|0,00|0,00|0,00|0,00|0,00||99||0,00|0,00|0,00|99|0,00|0,00|||0,00|99|0,00|0,00|||0,00||
|C100|1|0|2|55|00|1|740|31220840832748000175550010000007401165665911|03082022|03082022|451052,00|2|0,00|0,00|451052,00|0|0,00|0,00|0,00|0,00|0,00|0,00|0,00|0,00|0,00|0,00|0,00|0,00|
|C170|1|1||362,00000|SC|451052,00|0,00|0|051|5102|3|0,00|0,00|0,00|0,00|0,00|0,00||99||0,00|0,00|0,00|99|0,00|0,00|||0,00|99|0,00|0,00|||0,00||
|C100|1|0|2|55|00|1|744|31220840832748000175550010000007441071550443|03082022|03082022|453586,00|2|0,00|0,00|453586,00|0|0,00|0,00|0,00|0,00|0,00|0,00|0,00|0,00|0,00|0,00|0,00|0,00|
|C170|1|1||358,00000|SC|453586,00|0,00|0|051|5102|3|0,00|0,00|0,00|0,00|0,00|0,00||99||0,00|0,00|0,00|99|0,00|0,00|||0,00|99|0,00|0,00|||0,00||
|C100|1|0|2|55|00|1|747|31220840832748000175550010000007471933455690|04082022|04082022|219588,00|2|0,00|0,00|219588,00|0|0,00|0,00|0,00|0,00|0,00|0,00|0,00|0,00|0,00|0,00|0,00|0,00|
|C170|1|1||174,00000|SC|219588,00|0,00|0|051|5102|3|0,00|0,00|0,00|0,00|0,00|0,00||99||0,00|0,00|0,00|99|0,00|0,00|||0,00|99|0,00|0,00|||0,00||
|C100|1|0|2|55|00|1|748|31220840832748000175550010000007481398898097|04082022|04082022|422,32|2|0,00|0,00|422,32|9|0,00|0,00|0,00|0,00|0,00|0,00|0,00|0,00|0,00|0,00|0,00|0,00|
|C170|1|4||20,00000|KG|422,32|0,00|0|051|5102|3|0,00|0,00|0,00|0,00|0,00|0,00||99||0,00|0,00|0,00|99|0,00|0,00|||0,00|99|0,00|0,00|||0,00||
|C100|1|0|4|55|00|1|755|31220840832748000175550010000007551478352257|09082022|09082022|246000,00|2|0,00|0,00|246000,00|0|0,00|0,00|0,00|0,00|0,00|0,00|0,00|0,00|0,00|0,00|0,00|0,00|
|C170|1|1||200,00000|SC|246000,00|0,00|0|051|5102|3|0,00|0,00|0,00|0,00|0,00|0,00||99||0,00|0,00|0,00|99|0,00|0,00|||0,00|99|0,00|0,00|||0,00||
|C100|1|0|2|55|00|1|763|31220840832748000175550010000007631769619219|11082022|11082022|337864,00|2|0,00|0,00|337864,00|0|0,00|0,00|0,00|0,00|0,00|0,00|0,00|0,00|0,00|0,00|0,00|0,00|
|C170|1|1||269,00000|SC|337864,00|0,00|0|051|5102|3|0,00|0,00|0,00|0,00|0,00|0,00||99||0,00|0,00|0,00|99|0,00|0,00|||0,00|99|0,00|0,00|||0,00||
|C100|1|0|4|55|00|1|767|31220840832748000175550010000007671785761406|11082022|11082022|271200,00|2|0,00|0,00|271200,00|0|0,00|0,00|0,00|0,00|0,00|0,00|0,00|0,00|0,00|0,00|0,00|0,00|
|C170|1|1||226,00000|SC|271200,00|0,00|0|051|5102|3|0,00|0,00|0,00|0,00|0,00|0,00||99||0,00|0,00|0,00|99|0,00|0,00|||0,00|99|0,00|0,00|||0,00||
|C100|1|0|2|55|00|1|769|31220840832748000175550010000007691353216973|15082022|15082022|451720,50|2|0,00|0,00|451720,50|0|0,00|0,00|0,00|0,00|0,00|0,00|0,00|0,00|0,00|0,00|0,00|0,00|
|C170|1|1||350,00000|SC|451720,50|0,00|0|051|5102|3|0,00|0,00|0,00|0,00|0,00|0,00||99||0,00|0,00|0,00|99|0,00|0,00|||0,00|99|0,00|0,00|||0,00||
|C100|1|0|2|55|00|1|773|31220840832748000175550010000007731555197018|15082022|15082022|403104,00|2|0,00|0,00|403104,00|0|0,00|0,00|0,00|0,00|0,00|0,00|0,00|0,00|0,00|0,00|0,00|0,00|
|C170|1|1||312,00000|SC|403104,00|0,00|0|051|5102|3|0,00|0,00|0,00|0,00|0,00|0,00||99||0,00|0,00|0,00|99|0,00|0,00|||0,00|99|0,00|0,00|||0,00||
|C100|1|0|2|55|00|1|779|31220840832748000175550010000007791507781620|18082022|18082022|462636,00|2|0,00|0,00|462636,00|0|0,00|0,00|0,00|0,00|0,00|0,00|0,00|0,00|0,00|0,00|0,00|0,00|
|C170|1|1||362,00000|SC|462636,00|0,00|0|051|5102|3|0,00|0,00|0,00|0,00|0,00|0,00||99||0,00|0,00|0,00|99|0,00|0,00|||0,00|99|0,00|0,00|||0,00||
|C100|1|0|2|55|00|1|783|31220840832748000175550010000007831966809625|19082022|19082022|401812,00|2|0,00|0,00|401812,00|0|0,00|0,00|0,00|0,00|0,00|0,00|0,00|0,00|0,00|0,00|0,00|0,00|
|C170|1|1||311,00000|SC|401812,00|0,00|0|051|5102|3|0,00|0,00|0,00|0,00|0,00|0,00||99||0,00|0,00|0,00|99|0,00|0,00|||0,00|99|0,00|0,00|||0,00||
|C100|1|0|20|55|00|1|786|31220840832748000175550010000007861742424080|22082022|22082022|313750,00|2|0,00|0,00|313750,00|0|0,00|0,00|0,00|0,00|0,00|0,00|0,00|0,00|0,00|0,00|0,00|0,00|
|C170|1|1||251,00000|SC|313750,00|0,00|0|051|5102|3|0,00|0,00|0,00|0,00|0,00|0,00||99||0,00|0,00|0,00|99|0,00|0,00|||0,00|99|0,00|0,00|||0,00||
|C100|1|0|20|55|00|1|787|31220840832748000175550010000007871397861180|22082022|22082022|326250,00|2|0,00|0,00|326250,00|0|0,00|0,00|0,00|0,00|0,00|0,00|0,00|0,00|0,00|0,00|0,00|0,00|
|C170|1|1||261,00000|SC|326250,00|0,00|0|051|5102|3|0,00|0,00|0,00|0,00|0,00|0,00||99||0,00|0,00|0,00|99|0,00|0,00|||0,00|99|0,00|0,00|||0,00||
|C100|1|0|2|55|00|1|788|31220840832748000175550010000007881420146787|22082022|22082022|852,00|2|0,00|0,00|852,00|9|0,00|0,00|0,00|0,00|0,00|0,00|0,00|0,00|0,00|0,00|0,00|0,00|
|C170|1|4||40,00000|KG|852,00|0,00|0|051|5102|3|0,00|0,00|0,00|0,00|0,00|0,00||99||0,00|0,00|0,00|99|0,00|0,00|||0,00|99|0,00|0,00|||0,00||
|C100|1|0|2|55|00|1|796|31220840832748000175550010000007961448837948|23082022|23082022|298397,00|2|0,00|0,00|298397,00|0|0,00|0,00|0,00|0,00|0,00|0,00|0,00|0,00|0,00|0,00|0,00|0,00|
|C170|1|1||275,00000|SC|298397,00|0,00|0|051|5102|3|0,00|0,00|0,00|0,00|0,00|0,00||99||0,00|0,00|0,00|99|0,00|0,00|||0,00|99|0,00|0,00|||0,00||
|C100|1|0|2|55|00|1|797|31220840832748000175550010000007971721144677|23082022|23082022|272653,92|2|0,00|0,00|272653,92|0|0,00|0,00|0,00|0,00|0,00|0,00|0,00|0,00|0,00|0,00|0,00|0,00|
|C170|1|1||252,00000|SC|272653,92|0,00|0|051|5102|3|0,00|0,00|0,00|0,00|0,00|0,00||99||0,00|0,00|0,00|99|0,00|0,00|||0,00|99|0,00|0,00|||0,00||
|C100|1|0|2|55|00|1|801|31220840832748000175550010000008011112827477|25082022|25082022|362900,13|2|0,00|0,00|362900,13|0|0,00|0,00|0,00|0,00|0,00|0,00|0,00|0,00|0,00|0,00|0,00|0,00|
|C170|1|1||321,00000|SC|362900,13|0,00|0|051|5102|3|0,00|0,00|0,00|0,00|0,00|0,00||99||0,00|0,00|0,00|99|0,00|0,00|||0,00|99|0,00|0,00|||0,00||
|C100|1|0|2|55|00|1|802|31220840832748000175550010000008021847184181|25082022|25082022|77070,00|2|0,00|0,00|77070,00|0|0,00|0,00|0,00|0,00|0,00|0,00|0,00|0,00|0,00|0,00|0,00|0,00|
|C170|1|1||70,00000|SC|77070,00|0,00|0|051|5102|3|0,00|0,00|0,00|0,00|0,00|0,00||99||0,00|0,00|0,00|99|0,00|0,00|||0,00|99|0,00|0,00|||0,00||
|C100|1|0|2|55|00|1|807|31220840832748000175550010000008071193381796|25082022|25082022|317797,74|2|0,00|0,00|317797,74|0|0,00|0,00|0,00|0,00|0,00|0,00|0,00|0,00|0,00|0,00|0,00|0,00|
|C170|1|1||279,00000|SC|317797,74|0,00|0|051|5102|3|0,00|0,00|0,00|0,00|0,00|0,00||99||0,00|0,00|0,00|99|0,00|0,00|||0,00|99|0,00|0,00|||0,00||
|C100|1|0|2|55|00|1|808|31220840832748000175550010000008081494181637|26082022|26082022|734,00|2|0,00|0,00|734,00|9|0,00|0,00|0,00|0,00|0,00|0,00|0,00|0,00|0,00|0,00|0,00|0,00|
|C170|1|4||40,00000|KG|734,00|0,00|0|051|5102|3|0,00|0,00|0,00|0,00|0,00|0,00||99||0,00|0,00|0,00|99|0,00|0,00|||0,00|99|0,00|0,00|||0,00||
|C100|1|0|2|55|00|1|809|31220840832748000175550010000008091215523649|29082022|29082022|54246,50|2|0,00|0,00|54246,50|9|0,00|0,00|0,00|0,00|0,00|0,00|0,00|0,00|0,00|0,00|0,00|0,00|
|C170|1|1||275,00000|SC|54246,50|0,00|0|051|5102|3|0,00|0,00|0,00|0,00|0,00|0,00||99||0,00|0,00|0,00|99|0,00|0,00|||0,00|99|0,00|0,00|||0,00||
|C100|1|0|2|55|00|1|810|31220840832748000175550010000008101882403660|29082022|29082022|59300,64|2|0,00|0,00|59300,64|9|0,00|0,00|0,00|0,00|0,00|0,00|0,00|0,00|0,00|0,00|0,00|0,00|
|C170|1|1||252,00000|SC|59300,64|0,00|0|051|5102|3|0,00|0,00|0,00|0,00|0,00|0,00||99||0,00|0,00|0,00|99|0,00|0,00|||0,00|99|0,00|0,00|||0,00||
|C990|49|
|D001|1|
|D990|2|
|F001|1|
|F990|2|
|M001|0|
|M200|0,00|0,00|0,00|0,00|0,00|0,00|0,00|0,00|0,00|0,00|0,00|0,00|
|M210|01|6224376,75|0,00|0,00|0,00|0,00|0,0000|0,000|0,0000|0,00|0,00|0,00|0,00|0,00|0,00|
|M600|0,00|0,00|0,00|0,00|0,00|0,00|0,00|0,00|0,00|0,00|0,00|0,00|
|M610|01|6224376,75|0,00|0,00|0,00|0,00|0,0000|0,000|0,0000|0,00|0,00|0,00|0,00|0,00|0,00|
|M990|6|
|1001|1|
|1990|2|
|9001|0|
|9900|0000|1|
|9900|0001|1|
|9900|0110|1|
|9900|0140|1|
|9900|0150|4|
|9900|0190|2|
|9900|0200|2|
|9900|0400|1|
|9900|0990|1|
|9900|C001|1|
|9900|C010|1|
|9900|C100|23|
|9900|C170|23|
|9900|C990|1|
|9900|D001|1|
|9900|D990|1|
|9900|F001|1|
|9900|F990|1|
|9900|M001|1|
|9900|M200|1|
|9900|M210|1|
|9900|M600|1|
|9900|M610|1|
|9900|M990|1|
|9900|1001|1|
|9900|1990|1|
|9900|9001|1|
|9900|9900|30|
|9900|9990|1|
|9900|9999|1|
|9990|33|
|9999|108|
