|0000|006|0|01012025|31012025|EMPRESA TESTE LTDA|12345678000195|MG|3106200|||A|1|
|0001|0|
|0110|1|1|1|0|0|0|0|0|0|0|0|0|0|
|0140|1|EMPRESA TESTE LTDA|12345678000195|MG|3106200|||
|0990|5|
|C001|0|
|C100|0|1|55|0|45001|35150112345678000195550000000450011000000010|31012025|31012025|1000,00|0|0|0|0|0|0|0|0|0|0|0|0|0|0|
|C170|1|ITEM TESTE|||1,000|UN|1000,00|0|051|7101||0,00|0,00|0,00|0,00|0,00|0,00|||||||05|0,00|0,0000|||0,00|05|0,00|0,0000|||0,00|
|C190|051|7101|0,00|1000,00|0,00|0,00|0,00|0,00|0,00|0|
|C990|5|
|M001|0|
|M100|01|0,00|0,00|0,00|0,00|0,00|0,00|0,00|0,00|0,00|
|M200|0,00|0,00|0,00|0,00|
|M600|0,00|0,00|0,00|0,00|0,00|0,00|0,00|0,00|0,00|0,00|0,00|0,00|
|M990|5|
|9001|0|
|9900|0000|1|
|9900|0001|1|
|9900|0110|1|
|9900|0140|1|
|9900|0990|1|
|9900|C001|1|
|9900|C100|1|
|9900|C170|1|
|9900|C190|1|
|9900|C990|1|
|9900|M001|1|
|9900|M100|1|
|9900|M200|1|
|9900|M600|1|
|9900|M990|1|
|9900|9001|1|
|9900|9900|16|
|9900|9990|1|
|9900|9999|1|
|9990|20|
|9999|40|
