|0000|006|0|||01022021|28022021|JOSE DIMAS CAFEEIRA LTDA|40832748000175|MG|3139508|||9|
|0001|0|
|0110|-2||||
|0140|1|JOSE DIMAS CAFEEIRA LTDA|40832748000175|MG|0039714250013|3139508|||
|0990|5|
|C001|1|
|C990|2|
|D001|1|
|D990|2|
|F001|1|
|F990|2|
|M001|0|
|M200|0,00|0,00|0,00|0,00|0,00|0,00|0,00|0,00|0,00|0,00|0,00|0,00|
|M600|0,00|0,00|0,00|0,00|0,00|0,00|0,00|0,00|0,00|0,00|0,00|0,00|
|M990|4|
|1001|1|
|1990|2|
|9001|0|
|9900|0000|1|
|9900|0001|1|
|9900|0110|1|
|9900|0140|1|
|9900|0990|1|
|9900|C001|1|
|9900|C990|1|
|9900|D001|1|
|9900|D990|1|
|9900|F001|1|
|9900|F990|1|
|9900|M001|1|
|9900|M200|1|
|9900|M600|1|
|9900|M990|1|
|9900|1001|1|
|9900|1990|1|
|9900|9001|1|
|9900|9900|21|
|9900|9990|1|
|9900|9999|1|
|9990|24|
|9999|41|
